<record xmlns="http://www.loc.gov/MARC21/slim" xmlns:xsi="http://www.w3.org/2001/XMLSchema-instance" xsi:schemaLocation="http://www.loc.gov/MARC21/slim http://www.loc.gov/standards/marcxml/schema/MARC21slim.xsd"><leader>02579nam a2200409   4500</leader><controlfield tag="001">3073616</controlfield><controlfield tag="003">NNC</controlfield><controlfield tag="006">m        d        </controlfield><controlfield tag="007">cr cn |||m|||a</controlfield><controlfield tag="008">150223s1932    ua      o     000 0 arard</controlfield><datafield ind1=" " ind2=" " tag="040"><subfield code="a">NNU</subfield><subfield code="b">eng</subfield><subfield code="c">NNU</subfield></datafield><datafield ind1="1" ind2=" " tag="100"><subfield code="6">880-01</subfield><subfield code="a">&#699;Unaysi&#772;, T&#803;u&#772;bya&#772;.</subfield></datafield><datafield ind1="1" ind2="0" tag="240"><subfield code="6">880-02</subfield><subfield code="a">Tafsi&#772;r al-alfa&#772;z al-dakhi&#772;lah fi&#772; al-lughah al-&#699;Arabi&#772;yah ma&#699;a dhikr as&#803;liha&#772; bi-h&#803;uru&#772;fih</subfield></datafield><datafield ind1="1" ind2="0" tag="245"><subfield code="6">880-03</subfield><subfield code="a">Kita&#772;b Tafsi&#772;r al-alfa&#772;z al-dakhi&#772;lah fi&#772; al-lughah al-&#699;Arabi&#772;yah ma&#699;a dhikr as&#803;liha&#772; bi-h&#803;uru&#772;fih</subfield><subfield code="h">[electronic resource] /</subfield><subfield code="c">al-Qiss T&#803;u&#772;bi&#772;ya&#772; al-&#699;Unaysi&#772; al-H&#803;alabi&#772; al-Lubna&#772;n &#772;; &#699;uniya bi-nashrih wa-tas&#803;h&#803;i&#772;h&#803;ih wa-ta&#699;li&#772;q h&#803;awa&#772;shi&#772;hi Yu&#772;suf Tu&#772;ma&#772; al-Busta&#772;ni&#772;.</subfield></datafield><datafield ind1=" " ind2=" " tag="250"><subfield code="6">880-04</subfield><subfield code="a">T&#803;ab&#699;ah 2.</subfield></datafield><datafield ind1=" " ind2=" " tag="260"><subfield code="6">880-05</subfield><subfield code="a">al-Qa&#772;hirah :</subfield><subfield code="b">Maktabat al-&#699;Arab,</subfield><subfield code="c">1932.</subfield></datafield><datafield ind1=" " ind2=" " tag="300"><subfield code="a">online resource (2, 80 p.)</subfield></datafield><datafield ind1=" " ind2=" " tag="500"><subfield code="a">Part of the Arabic Collections Online (ACO) project, contributed by Columbia University Libraries.</subfield></datafield><datafield ind1=" " ind2=" " tag="533"><subfield code="a">Electronic reproduction.</subfield><subfield code="b">New York, N.Y. :</subfield><subfield code="c">New York University,</subfield><subfield code="d">2015.</subfield><subfield code="5">NNU</subfield></datafield><datafield ind1=" " ind2="0" tag="650"><subfield code="a">Arabic language</subfield><subfield code="x">Dictionaries.</subfield></datafield><datafield ind1=" " ind2="0" tag="650"><subfield code="a">Arabic language</subfield><subfield code="x">Foreign words and phrases.</subfield></datafield><datafield ind1=" " ind2="7" tag="650"><subfield code="a">Arabic language.</subfield><subfield code="2">fast</subfield><subfield code="0">(OCoLC)fst00812287</subfield></datafield><datafield ind1=" " ind2="7" tag="650"><subfield code="a">Arabic language</subfield><subfield code="x">Foreign words and phrases.</subfield><subfield code="2">fast</subfield><subfield code="0">(OCoLC)fst00812334</subfield></datafield><datafield ind1=" " ind2="7" tag="655"><subfield code="a">Dictionaries.</subfield><subfield code="2">fast</subfield><subfield code="0">(OCoLC)fst01423826</subfield></datafield><datafield ind1="1" ind2=" " tag="700"><subfield code="6">880-06</subfield><subfield code="a">Busta&#772;ni&#772;, Yu&#772;suf Tu&#772;ma&#772;,</subfield><subfield code="d">1892-1952.</subfield></datafield><datafield ind1="2" ind2=" " tag="710"><subfield code="a">Columbia University.</subfield><subfield code="b">Libraries.</subfield></datafield><datafield ind1="0" ind2=" " tag="730"><subfield code="a">Arabic Collections Online.</subfield></datafield><datafield ind1="0" ind2="8" tag="776"><subfield code="i">Print version:</subfield><subfield code="a">&#699;Unaysi&#772;, T&#803;u&#772;bya&#772;.</subfield><subfield code="t">Kita&#772;b Tafsi&#772;r al-alfa&#772;z al-dakhi&#772;lah fi&#772; al-lughah al-&#699;Arabi&#772;yah ma&#699;a dhikr as&#803;liha&#772; bi-h&#803;uru&#772;fih</subfield><subfield code="w">(NNC)3073616</subfield><subfield code="w">(OCoLC)122722105</subfield></datafield><datafield ind1="4" ind2="0" tag="856"><subfield code="u">http://hdl.handle.net/2333.1/jsxkspt5</subfield></datafield><datafield ind1="1" ind2=" " tag="880"><subfield code="6">100-01/r</subfield><subfield code="a">&#1593;&#1606;&#1610;&#1587;&#1610;&#1548; &#1591;&#1608;&#1576;&#1610;&#1575;.</subfield></datafield><datafield ind1="1" ind2="0" tag="880"><subfield code="6">240-02/r</subfield><subfield code="a">&#1578;&#1601;&#1587;&#1610;&#1585; &#1575;&#1604;&#1571;&#1604;&#1601;&#1575;&#1592; &#1575;&#1604;&#1583;&#1582;&#1610;&#1604;&#1577; &#1601;&#1610; &#1575;&#1604;&#1604;&#1594;&#1577; &#1575;&#1604;&#1593;&#1585;&#1576;&#1610;&#1577; &#1605;&#1593; &#1584;&#1603;&#1585; &#1571;&#1589;&#1604;&#1607;&#1575; &#1576;&#1581;&#1585;&#1608;&#1601;&#1607;</subfield></datafield><datafield ind1="1" ind2="0" tag="880"><subfield code="6">245-03/r</subfield><subfield code="a">&#1603;&#1578;&#1575;&#1576; &#1578;&#1601;&#1587;&#1610;&#1585; &#1575;&#1604;&#1571;&#1604;&#1601;&#1575;&#1592; &#1575;&#1604;&#1583;&#1582;&#1610;&#1604;&#1577; &#1601;&#1610; &#1575;&#1604;&#1604;&#1594;&#1577; &#1575;&#1604;&#1593;&#1585;&#1576;&#1610;&#1577; &#1605;&#1593; &#1584;&#1603;&#1585; &#1571;&#1589;&#1604;&#1607;&#1575; &#1576;&#1581;&#1585;&#1608;&#1601;&#1607; /</subfield><subfield code="c">&#1575;&#1604;&#1602;&#1587; &#1591;&#1608;&#1576;&#1610;&#1575; &#1575;&#1604;&#1593;&#1606;&#1610;&#1587;&#1610; &#1575;&#1604;&#1581;&#1604;&#1576;&#1610; &#1575;&#1604;&#1604;&#1576;&#1606;&#1575;&#1606;&#1610; &#1563; &#1593;&#1606;&#1610; &#1576;&#1606;&#1588;&#1585;&#1607; &#1608;&#1578;&#1589;&#1581;&#1610;&#1581;&#1607; &#1608;&#1578;&#1593;&#1604;&#1610;&#1602; &#1581;&#1608;&#1575;&#1588;&#1610;&#1607; &#1610;&#1608;&#1587;&#1601; &#1578;&#1608;&#1605;&#1575; &#1575;&#1604;&#1576;&#1587;&#1578;&#1575;&#1606;&#1610;.</subfield></datafield><datafield ind1=" " ind2=" " tag="880"><subfield code="6">250-04/r</subfield><subfield code="a">&#1591;&#1576;&#1593;&#1577; 2.</subfield></datafield><datafield ind1=" " ind2=" " tag="880"><subfield code="6">260-05/r</subfield><subfield code="a">&#1575;&#1604;&#1602;&#1575;&#1607;&#1585;&#1577; :</subfield><subfield code="b">&#1605;&#1603;&#1578;&#1576;&#1577; &#1575;&#1604;&#1593;&#1585;&#1576;&#1548;</subfield><subfield code="c">1932.</subfield></datafield><datafield ind1="1" ind2=" " tag="880"><subfield code="6">700-06/r</subfield><subfield code="a">&#1576;&#1587;&#1578;&#1575;&#1606;&#1610;&#1548; &#1610;&#1608;&#1587;&#1601; &#1578;&#1608;&#1605;&#1575;.</subfield></datafield><datafield ind1=" " ind2=" " tag="959"><subfield code="a">NNU</subfield><subfield code="b">WEB</subfield><subfield code="c">GENI</subfield><subfield code="t">0</subfield><subfield code="m">Electronic access</subfield><subfield code="s">01</subfield></datafield><datafield ind1=" " ind2=" " tag="999"><subfield code="i">NNC_3073616</subfield><subfield code="o">(OCoLC)ocn122722105</subfield><subfield code="s">columbia_aco000157</subfield></datafield></record>